@misc{glisc,
	author={{Grey Literature International Steering Committee}},
	title={{GLISC}},
	month={oct},
	year={2014},
	note = "[Online; acedido em Outubro 2014]"
}
@misc{wikipedia,
    author={{Wikipédia}}
    title={{Quantum Entanglement}}
    month={nov}
    year={2022}
    note= '[Online; acedido em Novembro de 2022]'
}
@misc{wikipedia,
    author={{Wikipédia}}
    title={{Wave-partical duality}}
    month={nov}
    year={2022}
    note= '[Online; acedido em Novembro de 2022]'
}
@misc{wikipedia,
    author={{Wikipédia}}
    title={{Princípio da incerteza}}
    month={nov}
    year={2022}
    note= '[Online; acedido em Novembro de 2022]'
}
@misc{wikipedia,
    author={{Wikipédia}}
    title={{Quantização (física)}}
    month={nov}
    year={2022}
    note= '[Online; acedido em Novembro de 2022]'
}
@misc{wikipedia,
    author={{Wikipédia}}
    title={{Quantum mechanics}}
    month={nov}
    year={2022}
    note= '[Online; acedido em Novembro de 2022]'
}
@misc{wikipedia,
    author={{Wikipédia}}
    title={{Superposition principle}}
    month={nov}
    year={2022}
    note= '[Online; acedido em Novembro de 2022]'
}
@misc{britannica,
    author={{Britannica}}
    title={{quantum mechanics}}
    month={nov}
    year={2022}
    note= '[Online; acedido em Novembro de 2022]'
}
@misc{IBM,
    author={IBM}
    title={{IBM Quantum}}
    month={nov}
    year={2022}
    note= '[Online; acedido em Novembro de 2022]'
}
@misc{nih,
    author={Dmitry Solenov, Jay Brieler, Jay Brieler}
    title={{medical applications of quantum computing}}
    month={nov}
    year={2022}
    note= '[Online; acedido em Novembro de 2022]'
}
@misc{forbes,
    author={Paul Lipman}
    title={{How Quantum Computing Will Transform Cybersecurity}}
    month={nov}
    year={2022}
    note= '[Online; acedido em Novembro de 2022]'
}
@misc{softeq,
    author={Alex Makarevich}
    title={{Top 5 Quantum Computing Applications}}
    month={nov}
    year={2022}
    note= '[Online; acedido em Novembro de 2022]'
}
@article{portugal2019introduccao,
  title={Introdu{\c{c}}{\~a}o {\`a} Programa{\c{c}}{\~a}o de Computadores Qu{\^a}nticos},
  author={Portugal, Renato and Marquezino, Franklin},
  journal={Sociedade Brasileira de Computa{\c{c}}{\~a}o},
  year={2019}
}
@article{freitas2010algoritmo,
  title={Algoritmo de Shor e sua aplica{\c{c}}{\~a}o {\`a} fatora{\c{c}}{\~a}o de n{\'u}meros inteiros},
  author={Freitas, Adriana Xavier},
  year={2010},
  publisher={Universidade Federal de Minas Gerais}
}